
@article{bonk_quasisymmetries_2016,
	title = {Quasisymmetries of {Sierpiński} carpet {Julia} sets},
	volume = {301},
	issn = {00018708},
	url = {https://linkinghub.elsevier.com/retrieve/pii/S0001870816307629},
	doi = {10.1016/j.aim.2016.06.007},
	language = {en},
	urldate = {2021-04-27},
	journal = {Advances in Mathematics},
	author = {Bonk, Mario and Lyubich, Mikhail and Merenkov, Sergei},
	month = oct,
	year = {2016},
	pages = {383--422},
	file = {Submitted Version:C\:\\Users\\Emanuel Sygal\\Zotero\\storage\\DIX2FIEB\\Bonk et al. - 2016 - Quasisymmetries of Sierpiński carpet Julia sets.pdf:application/pdf},
}

@article{carleson_julia_1994,
	title = {Julia and {John}},
	volume = {25},
	issn = {0100-3569, 1678-7714},
	url = {http://link.springer.com/10.1007/BF01232933},
	doi = {10.1007/BF01232933},
	language = {en},
	number = {1},
	urldate = {2021-04-27},
	journal = {Bol. Soc. Bras. Mat},
	author = {Carleson, Lennart and Jones, Peter W. and Yoccoz, Jean-Christophe},
	month = mar,
	year = {1994},
	pages = {1--30},
}

@article{hakobyan_euclidean_2008,
	title = {Euclidean quasiconvexity},
	volume = {33},
	abstract = {We exhibit compact totally disconnected sets in R n with non-zero Hausdorff (n − 1)-dimensional measure whose complements fail to be quasiconvex, and similar sets with positive n-measure whose complements are quasiconvex. We characterize the finitely connected quasiconvex plane domains.},
	journal = {Annales Academiae Scientiarum Fennicae Mathematica},
	author = {Hakobyan, Hrant and Herron, David},
	month = jan,
	year = {2008},
	file = {Full Text PDF:C\:\\Users\\Emanuel Sygal\\Zotero\\storage\\SAL46P8S\\Hakobyan and Herron - 2008 - Euclidean quasiconvexity.pdf:application/pdf},
}

@incollection{koskela_geometric_2010,
	address = {New York, NY},
	series = {International {Mathematical} {Series}},
	title = {Geometric {Properties} of {Planar} {BV} -{Extension} {Domains}},
	isbn = {978-1-4419-1341-8},
	url = {https://doi.org/10.1007/978-1-4419-1341-8_11},
	abstract = {We investigate geometric properties of those planar domains that are extension for functions with bounded variation.We start from a characterization of such domains given by Burago–Maz'ya and prove that a bounded, simply connected domain is a BV -extension domain if and only if its com- plement is quasiconvex. We further prove that the extension property is a bi-Lipschitz invariant and give applications to Sobolev extension domains.},
	language = {en},
	urldate = {2021-04-27},
	booktitle = {Around the {Research} of {Vladimir} {Maz}'ya {I}: {Function} {Spaces}},
	publisher = {Springer},
	author = {Koskela, Pekka and Miranda, Michele and Shanmugalingam, Nageswari},
	editor = {Laptev, Ari},
	year = {2010},
	doi = {10.1007/978-1-4419-1341-8_11},
	keywords = {Connected Domain, Extension Operator, Extension Property, Geometric Property, Quasiconformal Mapping},
	pages = {255--272},
}

@incollection{koskela_geometric_2010-1,
	address = {New York, NY},
	series = {International {Mathematical} {Series}},
	title = {Geometric {Properties} of {Planar} {BV} -{Extension} {Domains}},
	isbn = {978-1-4419-1341-8},
	url = {https://doi.org/10.1007/978-1-4419-1341-8_11},
	abstract = {We investigate geometric properties of those planar domains that are extension for functions with bounded variation.We start from a characterization of such domains given by Burago–Maz'ya and prove that a bounded, simply connected domain is a BV -extension domain if and only if its com- plement is quasiconvex. We further prove that the extension property is a bi-Lipschitz invariant and give applications to Sobolev extension domains.},
	language = {en},
	urldate = {2021-04-27},
	booktitle = {Around the {Research} of {Vladimir} {Maz}'ya {I}: {Function} {Spaces}},
	publisher = {Springer},
	author = {Koskela, Pekka and Miranda, Michele and Shanmugalingam, Nageswari},
	editor = {Laptev, Ari},
	year = {2010},
	doi = {10.1007/978-1-4419-1341-8_11},
	keywords = {Connected Domain, Extension Operator, Extension Property, Geometric Property, Quasiconformal Mapping},
	pages = {255--272},
}
